@ARTICLE{MBK2017,
       author = {{Boylan-Kolchin}, Michael},
        title = "{The globular cluster-dark matter halo connection}",
      journal = {\mnras},
     keywords = {globular clusters: general, galaxies: formation, galaxies: high-redshift, dark ages, reionization, first stars, dark matter, Astrophysics - Astrophysics of Galaxies},
         year = 2017,
        month = dec,
       volume = {472},
       number = {3},
        pages = {3120-3130},
          doi = {10.1093/mnras/stx2164},
archivePrefix = {arXiv},
       eprint = {1705.01548},
 primaryClass = {astro-ph.GA},
       adsurl = {https://ui.adsabs.harvard.edu/abs/2017MNRAS.472.3120B},
      adsnote = {Provided by the SAO/NASA Astrophysics Data System}
}

@ARTICLE{Planck2016,
       author = {{Planck Collaboration} and {Ade}, P.~A.~R. and {Aghanim}, N. and
         {Arnaud}, M. and {Ashdown}, M. and {Aumont}, J. and {Baccigalupi}, C. and
         {Banday}, A.~J. and {Barreiro}, R.~B. and {Bartlett}, J.~G. and
         {Bartolo}, N. and {Battaner}, E. and {Battye}, R. and {Benabed}, K. and
         {Beno{\^\i}t}, A. and {Benoit-L{\'e}vy}, A. and {Bernard}, J. -P. and
         {Bersanelli}, M. and {Bielewicz}, P. and {Bock}, J.~J. and
         {Bonaldi}, A. and {Bonavera}, L. and {Bond}, J.~R. and {Borrill}, J. and
         {Bouchet}, F.~R. and {Boulanger}, F. and {Bucher}, M. and
         {Burigana}, C. and {Butler}, R.~C. and {Calabrese}, E. and
         {Cardoso}, J. -F. and {Catalano}, A. and {Challinor}, A. and
         {Chamballu}, A. and {Chary}, R. -R. and {Chiang}, H.~C. and
         {Chluba}, J. and {Christensen}, P.~R. and {Church}, S. and
         {Clements}, D.~L. and {Colombi}, S. and {Colombo}, L.~P.~L. and
         {Combet}, C. and {Coulais}, A. and {Crill}, B.~P. and {Curto}, A. and
         {Cuttaia}, F. and {Danese}, L. and {Davies}, R.~D. and {Davis}, R.~J. and
         {de Bernardis}, P. and {de Rosa}, A. and {de Zotti}, G. and
         {Delabrouille}, J. and {D{\'e}sert}, F. -X. and {Di Valentino}, E. and
         {Dickinson}, C. and {Diego}, J.~M. and {Dolag}, K. and {Dole}, H. and
         {Donzelli}, S. and {Dor{\'e}}, O. and {Douspis}, M. and {Ducout}, A. and
         {Dunkley}, J. and {Dupac}, X. and {Efstathiou}, G. and {Elsner}, F. and
         {En{\ss}lin}, T.~A. and {Eriksen}, H.~K. and {Farhang}, M. and
         {Fergusson}, J. and {Finelli}, F. and {Forni}, O. and {Frailis}, M. and
         {Fraisse}, A.~A. and {Franceschi}, E. and {Frejsel}, A. and
         {Galeotta}, S. and {Galli}, S. and {Ganga}, K. and {Gauthier}, C. and
         {Gerbino}, M. and {Ghosh}, T. and {Giard}, M. and
         {Giraud-H{\'e}raud}, Y. and {Giusarma}, E. and {Gjerl{\o}w}, E. and
         {Gonz{\'a}lez-Nuevo}, J. and {G{\'o}rski}, K.~M. and {Gratton}, S. and
         {Gregorio}, A. and {Gruppuso}, A. and {Gudmundsson}, J.~E. and
         {Hamann}, J. and {Hansen}, F.~K. and {Hanson}, D. and
         {Harrison}, D.~L. and {Helou}, G. and {Henrot-Versill{\'e}}, S. and
         {Hern{\'a}ndez-Monteagudo}, C. and {Herranz}, D. and {Hildebrand
        t}, S.~R. and {Hivon}, E. and {Hobson}, M. and {Holmes}, W.~A. and
         {Hornstrup}, A. and {Hovest}, W. and {Huang}, Z. and
         {Huffenberger}, K.~M. and {Hurier}, G. and {Jaffe}, A.~H. and
         {Jaffe}, T.~R. and {Jones}, W.~C. and {Juvela}, M. and
         {Keih{\"a}nen}, E. and {Keskitalo}, R. and {Kisner}, T.~S. and
         {Kneissl}, R. and {Knoche}, J. and {Knox}, L. and {Kunz}, M. and
         {Kurki-Suonio}, H. and {Lagache}, G. and {L{\"a}hteenm{\"a}ki}, A. and
         {Lamarre}, J. -M. and {Lasenby}, A. and {Lattanzi}, M. and
         {Lawrence}, C.~R. and {Leahy}, J.~P. and {Leonardi}, R. and
         {Lesgourgues}, J. and {Levrier}, F. and {Lewis}, A. and {Liguori}, M. and
         {Lilje}, P.~B. and {Linden-V{\o}rnle}, M. and {L{\'o}pez-Caniego}, M. and
         {Lubin}, P.~M. and {Mac{\'\i}as-P{\'e}rez}, J.~F. and {Maggio}, G. and
         {Maino}, D. and {Mandolesi}, N. and {Mangilli}, A. and {Marchini}, A. and
         {Maris}, M. and {Martin}, P.~G. and {Martinelli}, M. and
         {Mart{\'\i}nez-Gonz{\'a}lez}, E. and {Masi}, S. and {Matarrese}, S. and
         {McGehee}, P. and {Meinhold}, P.~R. and {Melchiorri}, A. and
         {Melin}, J. -B. and {Mendes}, L. and {Mennella}, A. and
         {Migliaccio}, M. and {Millea}, M. and {Mitra}, S. and
         {Miville-Desch{\^e}nes}, M. -A. and {Moneti}, A. and {Montier}, L. and
         {Morgante}, G. and {Mortlock}, D. and {Moss}, A. and {Munshi}, D. and
         {Murphy}, J.~A. and {Naselsky}, P. and {Nati}, F. and {Natoli}, P. and
         {Netterfield}, C.~B. and {N{\o}rgaard-Nielsen}, H.~U. and
         {Noviello}, F. and {Novikov}, D. and {Novikov}, I. and
         {Oxborrow}, C.~A. and {Paci}, F. and {Pagano}, L. and {Pajot}, F. and
         {Paladini}, R. and {Paoletti}, D. and {Partridge}, B. and {Pasian}, F. and
         {Patanchon}, G. and {Pearson}, T.~J. and {Perdereau}, O. and
         {Perotto}, L. and {Perrotta}, F. and {Pettorino}, V. and
         {Piacentini}, F. and {Piat}, M. and {Pierpaoli}, E. and
         {Pietrobon}, D. and {Plaszczynski}, S. and {Pointecouteau}, E. and
         {Polenta}, G. and {Popa}, L. and {Pratt}, G.~W. and {Pr{\'e}zeau}, G. and
         {Prunet}, S. and {Puget}, J. -L. and {Rachen}, J.~P. and
         {Reach}, W.~T. and {Rebolo}, R. and {Reinecke}, M. and
         {Remazeilles}, M. and {Renault}, C. and {Renzi}, A. and
         {Ristorcelli}, I. and {Rocha}, G. and {Rosset}, C. and {Rossetti}, M. and
         {Roudier}, G. and {Rouill{\'e} d'Orfeuil}, B. and {Rowan-Robinson}, M. and
         {Rubi{\~n}o-Mart{\'\i}n}, J.~A. and {Rusholme}, B. and {Said}, N. and
         {Salvatelli}, V. and {Salvati}, L. and {Sandri}, M. and {Santos}, D. and
         {Savelainen}, M. and {Savini}, G. and {Scott}, D. and
         {Seiffert}, M.~D. and {Serra}, P. and {Shellard}, E.~P.~S. and
         {Spencer}, L.~D. and {Spinelli}, M. and {Stolyarov}, V. and
         {Stompor}, R. and {Sudiwala}, R. and {Sunyaev}, R. and {Sutton}, D. and
         {Suur-Uski}, A. -S. and {Sygnet}, J. -F. and {Tauber}, J.~A. and
         {Terenzi}, L. and {Toffolatti}, L. and {Tomasi}, M. and {Tristram}, M. and
         {Trombetti}, T. and {Tucci}, M. and {Tuovinen}, J. and
         {T{\"u}rler}, M. and {Umana}, G. and {Valenziano}, L. and
         {Valiviita}, J. and {Van Tent}, F. and {Vielva}, P. and {Villa}, F. and
         {Wade}, L.~A. and {Wandelt}, B.~D. and {Wehus}, I.~K. and {White}, M. and
         {White}, S.~D.~M. and {Wilkinson}, A. and {Yvon}, D. and {Zacchei}, A. and
         {Zonca}, A.},
        title = "{Planck 2015 results. XIII. Cosmological parameters}",
      journal = {\aap},
     keywords = {cosmology: observations, cosmology: theory, cosmic background radiation, cosmological parameters, Astrophysics - Cosmology and Nongalactic Astrophysics},
         year = 2016,
        month = sep,
       volume = {594},
          eid = {A13},
        pages = {A13},
          doi = {10.1051/0004-6361/201525830},
archivePrefix = {arXiv},
       eprint = {1502.01589},
 primaryClass = {astro-ph.CO},
       adsurl = {https://ui.adsabs.harvard.edu/abs/2016A&A...594A..13P},
      adsnote = {Provided by the SAO/NASA Astrophysics Data System}
}

@ARTICLE{Harris2017,
       author = {{Harris}, William E. and {Blakeslee}, John P. and
         {Harris}, Gretchen L.~H.},
        title = "{Galactic Dark Matter Halos and Globular Cluster Populations. III. Extension to Extreme Environments}",
      journal = {\apj},
     keywords = {galaxies: formation, galaxies: star clusters: general, globular clusters: general, Astrophysics - Astrophysics of Galaxies},
         year = 2017,
        month = feb,
       volume = {836},
       number = {1},
          eid = {67},
        pages = {67},
          doi = {10.3847/1538-4357/836/1/67},
archivePrefix = {arXiv},
       eprint = {1701.04845},
 primaryClass = {astro-ph.GA},
       adsurl = {https://ui.adsabs.harvard.edu/abs/2017ApJ...836...67H},
      adsnote = {Provided by the SAO/NASA Astrophysics Data System}
}

@ARTICLE{Spitler&Forbes2009,
       author = {{Spitler}, L.~R. and {Forbes}, D.~A.},
        title = "{A new method for estimating dark matter halo masses using globular cluster systems}",
      journal = {\mnras},
     keywords = {galaxies: fundamental parameters, galaxies: haloes, galaxies: star clusters, galaxies: stellar content, Astrophysics},
         year = 2009,
        month = jan,
       volume = {392},
       number = {1},
        pages = {L1-L5},
          doi = {10.1111/j.1745-3933.2008.00567.x},
archivePrefix = {arXiv},
       eprint = {0809.5057},
 primaryClass = {astro-ph},
       adsurl = {https://ui.adsabs.harvard.edu/abs/2009MNRAS.392L...1S},
      adsnote = {Provided by the SAO/NASA Astrophysics Data System}
}

@ARTICLE{Forbes2016,
       author = {{Forbes}, Duncan A. and {Alabi}, Adebusola and {Romanowsky}, Aaron J. and {Brodie}, Jean P. and {Strader}, Jay and {Usher}, Christopher and {Pota}, Vincenzo},
        title = "{The SLUGGS survey: globular clusters and the dark matter content of early-type galaxies}",
      journal = {\mnras},
     keywords = {galaxies: elliptical and lenticular, cD, galaxies: evolution, galaxies: haloes, galaxies: star clusters: general, Astrophysics - Astrophysics of Galaxies, Astrophysics - Cosmology and Nongalactic Astrophysics},
         year = 2016,
        month = may,
       volume = {458},
       number = {1},
        pages = {L44-L48},
          doi = {10.1093/mnrasl/slw015},
archivePrefix = {arXiv},
       eprint = {1602.01105},
 primaryClass = {astro-ph.GA},
       adsurl = {https://ui.adsabs.harvard.edu/abs/2016MNRAS.458L..44F},
      adsnote = {Provided by the SAO/NASA Astrophysics Data System}
}

@ARTICLE{Mill2,
       author = {{Boylan-Kolchin}, Michael and {Springel}, Volker and {White}, Simon D.~M. and {Jenkins}, Adrian and {Lemson}, Gerard},
        title = "{Resolving cosmic structure formation with the Millennium-II Simulation}",
      journal = {\mnras},
     keywords = {methods: N-body simulations, galaxies: haloes, cosmology: theory, Astrophysics - Cosmology and Extragalactic Astrophysics},
         year = 2009,
        month = sep,
       volume = {398},
       number = {3},
        pages = {1150-1164},
          doi = {10.1111/j.1365-2966.2009.15191.x},
archivePrefix = {arXiv},
       eprint = {0903.3041},
 primaryClass = {astro-ph.CO},
       adsurl = {https://ui.adsabs.harvard.edu/abs/2009MNRAS.398.1150B},
      adsnote = {Provided by the SAO/NASA Astrophysics Data System}
}

@ARTICLE{Gratton2012,
       author = {{Gratton}, Raffaele G. and {Carretta}, Eugenio and {Bragaglia}, Angela},
        title = "{Multiple populations in globular clusters. Lessons learned from the Milky Way globular clusters}",
      journal = {\aapr},
     keywords = {Galaxy: general, Globular Clusters, Halo, Stars: abundances, Hertzsprung─Russell and C─M diagrams, Hertzsprung-Russell and C-M diagrams, Astrophysics - Solar and Stellar Astrophysics, Astrophysics - Astrophysics of Galaxies},
         year = 2012,
        month = feb,
       volume = {20},
          eid = {50},
        pages = {50},
          doi = {10.1007/s00159-012-0050-3},
archivePrefix = {arXiv},
       eprint = {1201.6526},
 primaryClass = {astro-ph.SR},
       adsurl = {https://ui.adsabs.harvard.edu/abs/2012A&ARv..20...50G},
      adsnote = {Provided by the SAO/NASA Astrophysics Data System}
}

@ARTICLE{Forbes2018,
       author = {{Forbes}, Duncan A. and {Read}, Justin I. and {Gieles}, Mark and {Collins}, Michelle L.~M.},
        title = "{Extending the globular cluster system-halo mass relation to the lowest galaxy masses}",
      journal = {\mnras},
     keywords = {galaxies: dwarf, galaxies: haloes, galaxies: star clusters: general, Astrophysics - Astrophysics of Galaxies, Astrophysics - Cosmology and Nongalactic Astrophysics},
         year = 2018,
        month = dec,
       volume = {481},
       number = {4},
        pages = {5592-5605},
          doi = {10.1093/mnras/sty2584},
archivePrefix = {arXiv},
       eprint = {1809.07831},
 primaryClass = {astro-ph.GA},
       adsurl = {https://ui.adsabs.harvard.edu/abs/2018MNRAS.481.5592F},
      adsnote = {Provided by the SAO/NASA Astrophysics Data System}
}

@ARTICLE{Conroy2011,
       author = {{Conroy}, Charlie and {Loeb}, Abraham and {Spergel}, David N.},
        title = "{Evidence against Dark Matter Halos Surrounding the Globular Clusters MGC1 and NGC 2419}",
      journal = {\apj},
     keywords = {dark matter, globular clusters: general, Astrophysics - Astrophysics of Galaxies, Astrophysics - Cosmology and Nongalactic Astrophysics},
         year = 2011,
        month = nov,
       volume = {741},
       number = {2},
          eid = {72},
        pages = {72},
          doi = {10.1088/0004-637X/741/2/72},
archivePrefix = {arXiv},
       eprint = {1010.5783},
 primaryClass = {astro-ph.GA},
       adsurl = {https://ui.adsabs.harvard.edu/abs/2011ApJ...741...72C},
      adsnote = {Provided by the SAO/NASA Astrophysics Data System}
}

@ARTICLE{Brodie2006,
       author = {{Brodie}, Jean P. and {Strader}, Jay},
        title = "{Extragalactic Globular Clusters and Galaxy Formation}",
      journal = {\araa},
     keywords = {Astrophysics},
         year = 2006,
        month = sep,
       volume = {44},
       number = {1},
        pages = {193-267},
          doi = {10.1146/annurev.astro.44.051905.092441},
archivePrefix = {arXiv},
       eprint = {astro-ph/0602601},
 primaryClass = {astro-ph},
       adsurl = {https://ui.adsabs.harvard.edu/abs/2006ARA&A..44..193B},
      adsnote = {Provided by the SAO/NASA Astrophysics Data System}
}

